@book{pacheco2011introduction,
  title={An introduction to parallel programming},
  author={Pacheco, Peter},
  year={2011},
  publisher={Elsevier}
}